<record><leader>00000cas a22000007a 4500</leader><controlfield tag="001">13118987</controlfield><controlfield tag="008">860207d19301973wvudr ne      0    0eng d</controlfield><datafield ind1=" " ind2=" " tag="010"><subfield code="a">sn 86092153 </subfield></datafield><datafield ind1=" " ind2=" " tag="040"><subfield code="a">WVC</subfield><subfield code="b">eng</subfield><subfield code="c">WVC</subfield><subfield code="d">OCL</subfield><subfield code="d">NVK</subfield><subfield code="d">OCLCQ</subfield></datafield><datafield ind1=" " ind2=" " tag="042"><subfield code="a">msc</subfield></datafield><datafield ind1="0" ind2="4" tag="245"><subfield code="a">The Dominion-News.</subfield></datafield><datafield ind1=" " ind2=" " tag="260"><subfield code="a">Morgantown, W. Va. :</subfield><subfield code="b">Dominion-News Co.,</subfield><subfield code="c">1930-1973.</subfield></datafield><datafield ind1=" " ind2=" " tag="300"><subfield code="a">v.</subfield></datafield><datafield ind1=" " ind2=" " tag="310"><subfield code="a">Daily</subfield></datafield><datafield ind1="0" ind2=" " tag="362"><subfield code="a">Vol. 40, no. 13 (Jan. 15, 1930)-v. 98, no. 143 (July 24, 1973).</subfield></datafield><datafield ind1=" " ind2=" " tag="500"><subfield code="a">"Democratic."</subfield></datafield><datafield ind1=" " ind2=" " tag="580"><subfield code="a">Merged with: Morgantown post (Morgantown, W. Va. : 1918 : Daily) to form: Dominion post (Morgantown, W. Va. : Evening), and: Dominion post (Morgantown, W. Va. : Morning).</subfield></datafield><datafield ind1=" " ind2=" " tag="752"><subfield code="a">United States</subfield><subfield code="b">West Virginia</subfield><subfield code="c">Monongalia</subfield><subfield code="d">Morgantown.</subfield></datafield><datafield ind1="0" ind2="0" tag="780"><subfield code="t">New dominion (Morgantown, W. Va. : Daily)</subfield><subfield code="w">(DLC)sn 86092152</subfield></datafield><datafield ind1="0" ind2="7" tag="785"><subfield code="t">Morgantown post (Morgantown, W. Va. : 1918 : Daily)</subfield><subfield code="w">(DLC)sn 86092170</subfield></datafield><datafield ind1="0" ind2="7" tag="785"><subfield code="t">Dominion post (Morgantown, W. Va. : Evening)</subfield><subfield code="w">(DLC)sn 86092154</subfield></datafield><datafield ind1="0" ind2="7" tag="785"><subfield code="t">Dominion post (Morgantown, W. Va. : Morning)</subfield><subfield code="w">(DLC)sn 86092155</subfield></datafield></record>